<?xml version="1.0" encoding="UTF-8"?><record xmlns="http://www.loc.gov/MARC21/slim" xmlns:cinclude="http://apache.org/cocoon/include/1.0" xmlns:zs="http://www.loc.gov/zing/srw/">
  <leader>00469cz  a2200145n  4500</leader>
  <controlfield tag="001">n  93073720 </controlfield>
  <controlfield tag="003">DLC</controlfield>
  <controlfield tag="005">20130316091152.0</controlfield>
  <controlfield tag="008">930802n| azannaab           |a aaa      </controlfield>
  <datafield tag="010" ind1=" " ind2=" ">
    <subfield code="a">n  93073720 </subfield>
  </datafield>
  <datafield tag="040" ind1=" " ind2=" ">
    <subfield code="a">DLC</subfield>
    <subfield code="b">eng</subfield>
    <subfield code="e">rda</subfield>
    <subfield code="c">DLC</subfield>
    <subfield code="d">DLC</subfield>
  </datafield>
  <datafield tag="046" ind1=" " ind2=" ">
    <subfield code="f">1822</subfield>
    <subfield code="g">1876~</subfield>
    <subfield code="2">edtf</subfield>
  </datafield>
  <datafield tag="100" ind1="1" ind2=" ">
    <subfield code="a">Allgaier, Verena,</subfield>
    <subfield code="d">1822-approximately 1876</subfield>
  </datafield>
  <datafield tag="400" ind1="1" ind2=" ">
    <subfield code="w">nnea</subfield>
    <subfield code="a">Allgaier, Verena,</subfield>
    <subfield code="d">1822-ca. 1876</subfield>
  </datafield>
  <datafield tag="670" ind1=" " ind2=" ">
    <subfield code="a">Roots, leaves, and branches, 1992:</subfield>
    <subfield code="b">t.p. (Verena Allgaier) p. 5 (b. 1822; d. ca. 1876)</subfield>
  </datafield>
</record>